<?xml version="1.0" encoding="UTF-8"?><collection xmlns="http://www.loc.gov/MARC21/slim"><record><leader>00388nam--2200133-i-4500</leader><controlfield tag="001">000048850</controlfield><controlfield tag="002">20161230</controlfield><controlfield tag="005">20161230201047</controlfield><controlfield tag="008">060222s1000------------r-----000-0-eng-d</controlfield><datafield ind1=" " ind2=" " tag="080"><subfield code="a">621.317</subfield></datafield><datafield ind1=" " ind2=" " tag="100"><subfield code="a">Azriiant,P.A., Belkina,M.G</subfield></datafield><datafield ind1=" " ind2=" " tag="245"><subfield code="a">Chislennye rezultaty teorii difrakcii radiovoln vokrug zemnoi poverhnosti</subfield></datafield><datafield ind1=" " ind2=" " tag="260"><subfield code="a">Moskva, Sovetskoe Radio, 1957. 44 S + 44 Vkl</subfield></datafield><datafield ind1=" " ind2=" " tag="852"><subfield code="a">4957</subfield></datafield></record></collection>